@book{wackerly2014mathematical,
	title={Mathematical statistics with applications},
	author={Wackerly, Dennis and Mendenhall, William and Scheaffer, Richard L},
	year={2014},
	publisher={Cengage Learning}
}